%% This BibTeX bibliography file was created using BibDesk.
%% http://bibdesk.sourceforge.net/


%% Created for William Landau at 2013-06-10 20:11:20 -0500 


%% Saved with string encoding Unicode (UTF-8) 



@unpublished{martin,
	Author = {Martin, R. and Liu, C.},
	Date-Added = {2013-06-11 01:10:11 +0000},
	Date-Modified = {2013-06-11 01:11:20 +0000},
	Month = {February},
	Note = {http://arxiv.org/abs/1302.1884},
	Title = {{On the gamma distribution with small shape parameter}},
	Year = {2013}}

@article{marsaglia,
	Author = {Marsaglia, G. and Tsang, W. W.},
	Date-Added = {2013-06-10 23:02:38 +0000},
	Date-Modified = {2013-06-10 23:04:26 +0000},
	Journal = {{ACM Transactions on Mathematical Software}},
	Month = {September},
	Number = {3},
	Pages = {363-372},
	Title = {{A Simple Method for Generatingn Gamma Variables}},
	Volume = {26},
	Year = {2000}}
